# Put your BibTeX entries in this file.
@inproceedings{icl:958,
  author =       {Hoque, R. and Herault, T. and Bosilca, G. and
                  Dongarra, J.},
  title =        {{Dynamic Task Discovery in PaRSEC- A data-flow
                  task-based Runtime}},
  booktitle =    {ScalA17: 8th Workshop on Latest Advances in Scalable
                  Algorithms for LargeScale Systems},
  institution =  {Innovative Computing Laboratory, University of
                  Tennessee},
  address =      {Denver, CO},
  month =        {November},
  year =         {2017}
}

@inproceedings{lorapo-protools,
  author =       {Q. Cao and Y. Pei and T. Herault and K. Akbudak and
                  A. Mikhalev and G. Bosilca and H. Ltaief and
                  D. E. Keyes and J. Dongarra},
  title =        {{Performance Analysis of Tile Low-Rank Cholesky
                  Factorization Using PaRSEC Instrumentation Tools}},
  booktitle =    {ProTools'19},
  series =       {ProTools'19},
  year =         {2019},
  location =     {Colorado, USA},
}

@INPROCEEDINGS{BLR_LU,
  author =       {Y. Pei and G. Bosilca and I. Yamazaki and A. Ida and
                  J. Dongarra},
  title =        {{Evaluation of Programming Models to Address Load
                  Imbalance on Distributed Multi-Core CPUs: A Case
                  Study with Block Low-Rank Factorization}},
  booktitle =    {{Parallel Applications Workshop, Alternatives To
                  MPI+X}},
  series =       {PAW-ATM 2019},
  year =         {2019},
  month =        {Nov}
}

@inproceedings{parsec_pdgemm,
  title =        {{Generic matrix multiplication for multi-GPU
                  accelerated distributed-memory platforms over
                  PaRSEC}},
  author =       {Thomas Herault and Yves Robert and George Bosilca
                  and Jack J. Dongarra},
  series =       {Scala19},
  year =         {2019}
}
