# Put your BibTeX entries in this file.

@inproceedings{PredictionEuroPar19,
        title            = "Towards Portable Online Prediction of Network Utilization using MPI-level Monitoring",
        year             = "2019",
        author           = "Shu-Mei Tseng and Bogdan Nicolae and George Bosilca and Emmanuel Jeannot and Aparna Chandramowlishwaran and Franck Cappello",
        booktitle        = "EuroPar'19 : 25th International European Conference on Parallel and Distributed Systems",
        address          = "Goettingen, Germany",
        keywords         = "Work stealing, Prediction of resource utilization, Timeseries forecasting, Network monitoring, Online learning",
        pages            = "1-14",
}

@inproceedings {VeloCIPDPS19,
        title            = "VeloC: Towards High Performance Adaptive Asynchronous Checkpointing at Large Scale",
        year             = "2019",
        author           = "Bogdan Nicolae and Adam Moody and Elsa Gonsiorowski and Kathryn Mohror and Franck Cappello",
        booktitle        = "IPDPS'19: The 2019 IEEE International Parallel and Distributed Processing Symposium",
        pages            = "911-920",
        address          = "Rio de Janeiro, Brazil",
        keywords         = "parallel I/O, checkpoint-restart, immutable data, adaptive multilevel asynchronous I/O"
}
