
@misc{upcxx-site,
  author = {{UPC++ website}},
  title =  {\url{https://upcxx.lbl.gov/}}
}

@TechReport{upcxx-spec,
  author =       "John Bachan and Scott B. Baden and Dan Bonachea and Paul H. Hargrove and Steven Hofmeyr and Mathias Jacquelin and Amir Kamil and Brian van Straalen",
  title =        "{UPC++ v1.0 Specification, Revision 2019.9.0}",
  institution =  {Lawrence Berkeley National Laboratory},
  number =       {LBNL-2001237},
  month =        "September",
  year =         2019,
  doi =          {10.25344/S4ZW2C},
  url =          {https://escholarship.org/uc/item/9bw342d6},
  note =          {\url{https://doi.org/10.25344/S4ZW2C}}
}



